
@techreport{SkypeStudy,
  title={An experimental study of the skype peer-to-peer voip system},
  author={Guha, Saikat and Daswani, Neil},
  year={2005},
  institution={Cornell University}
}

@misc{GoogleTalkLibrary,
  howpublished="\url{https://code.google.com/p/libjingle/}"
}

@misc{Diaspora,
title = {{Diaspora}},
howpublished = "\url{https://diasporafoundation.org/}",
}

@misc{Glympse,
howpublished="\url{https://www.glympse.com/"}"
}

@misc{FindMyFriends,
title = {{FindMyFriends}},
howpublished = "\url{https://itunes.apple.com/us/app/find-my-friends/id466122094/}",
}

@misc{Snapchat,
title = {{Snapchat}},
howpublished = "\url{http://en.wikipedia.org/wiki/Snapchat/}",
}

@article{Zuckerberg,
title = {{Zuckerberg on Snapchat}}
author = {Todd Wasserman},
howpublished = "\url{http://mashable.com/2014/01/15/zuckerberg-snapchat-privacy/}"
}

@misc{GoogleNest,
howpublished="\url{http://www.forbes.com/sites/haydnshaughnessy/2014/01/15/google-and-nest-the-long-and-tetchy-view/}"
}

@misc{GoogleNest,
howpublished="\url{http://www.forbes.com/sites/haydnshaughnessy/2014/01/15/google-and-nest-the-long-and-tetchy-view/}"
}

@article{SnapchatHack,
title = {{Snapchat Breach Exposes Weak Security}},
author ={{NICOLE PERLROTH and JENNA WORTHAM}},
howpublished = "\url{http://bits.blogs.nytimes.com/2014/01/02/snapchat-breach-exposes-weak-security/}"
}

@misc{chromecast,
howpublished = "\url{https://www.google.com/intl/en/chrome/devices/chromecast/}",
}

@article{ChromecastWebrtc,
title = {How Chromecast works: HTML5, WebRTC, and the technology behind casting"},
author = {Derek Ross},
howpublished = "\url{http://www.androidauthority.com/html5-and-webrtc-the-technology-behind-chromecast-248968/}"
}

@title{AndroidEverywhere,
title={Behind the 'Internet of Things' Is Android—and It's Everywhere},
author = {Ashlee Vance },
howpublished = "\url{http://www.businessweek.com/articles/2013-05-29/behind-the-internet-of-things-is-android-and-its-everywhere}"
}

@misc{eclipse_m2m,
howpublished = "\url{http://iot.eclipse.org/}"
}

@misc{Interdroid,
howpublished = "\url{interdroid.net"}"
}

@misc{BinderSourceComment,
howpublished = "\url{https://android.googlesource.com/kernel/goldfish/+/android-goldfish-3.4/drivers/staging/android/binder.h}",
notes = "[Comment in binder kernel module source code, binder.h]"
}

@misc{BinderLinuxFoundation,
title = "Deep Dive into Android  IPC/Binder Framework",
author = "Aleksandar (Saša) Gargenta, Marakana Inc.",
howpublished = "\url{http://events.linuxfoundation.org/images/stories/slides/abs2013_gargentas.pdf}",
notes = "[Slideshow at Android Builders Summit 2013]"
}

@misc{BinderMastersThesis,
title = "Android Binder: Android Interprocess Communication",
author = "Thorsten Schreiber",
howpublished = "\url{https://www.nds.rub.de/media/attachments/files/2011/10/main.pdf}"
}

@misc{LocationManagerDocs,
howpublished = "\url{http://developer.android.com/reference/android/location/LocationManager.html}"
}

@inproceedings {piBox,
author = {Sangmin Lee and Edmund L. Wong and Deepak Goel and Mike Dahlin and Vitaly Shmatikov},
title = {πBox: A Platform for Privacy-Preserving Apps},
booktitle = {Presented as part of the 10th USENIX Symposium on Networked Systems Design and Implementation},
year = {2013},
isbn = {978-1-931971-00-3},
location = {Lombard, IL},
pages = {501-514},
url = {https://www.usenix.org/conference/nsdi13/πbox-platform-privacy-preserving-apps},
publisher = {USENIX},
address = {Berkeley, CA}
}

@misc{X11,
howpublished = "\url{http://en.wikipedia.org/wiki/X_Window_System}"
}

@misc{OpenBinder,
howpublished = " \url{http://en.wikipedia.org/wiki/OpenBinder}"
}

@misc{ProxyPattern,
howpublished = "\url{http://en.wikipedia.org/wiki/Proxy_pattern}"
}

@misc{Wire,
title = "Wire: Clean, lightweight protocol buffers for Android.",
howpublished = "\url{https://github.com/square/wire}"
}

@misc{IntroWire,
author = "Dan Rice, Square Atlanta",
title = "Introducing Wire Protocol Buffers",
howpublished = "\url{http://corner.squareup.com/2013/08/introducing-wire.html}"}

@mise{ARMLittleEndian,
title = "Android Native CPU ABI Management",
howpublished = "\url{http://www.kandroid.org/ndk/docs/CPU-ARCH-ABIS.html}",
notes = "[Android Developers Guide]"
}

@misc{FacebookDalvikHacks,
title = "Under the Hood: Dalvik patch for Facebook for Android",
author = "David Reiss",
howpublished = "\url{https://www.facebook.com/notes/facebook-engineering/under-the-hood-dalvik-patch-for-facebook-for-android/10151345597798920}"
}

@misc{UnixDomainSocket,
howpublsihed= "\url{http://en.wikipedia.org/wiki/Unix_domain_socket}"
}

@misc{SocketManPage,
howpublished =  "http://pubs.opengroup.org/onlinepubs/009695399/functions/socket.html",
notes = "[Manual page for socket"
}


@article{asap_grp,
 author = {Cucuringu, Mihai and Lipman, Yaron and Singer, Amit},
 title = {Sensor network localization by eigenvector synchronization over the euclidean group},
 journal = {ACM Trans. Sen. Netw.},
 issue_date = {July 2012},
 volume = {8},
 number = {3},
 month = aug,
 year = {2012},
 issn = {1550-4859},
 pages = {19:1--19:42},
 articleno = {19},
 numpages = {42},
 acmid = {2240093},
 publisher = {ACM},
 address = {New York, NY, USA},
 keywords = {Sensor networks, distance geometry, eigenvectors, rigidity theory, spectral graph theory, synchronization},
} 

@article{crowdinside,
  title={CrowdInside: Automatic Construction of Indoor Floorplans},
  author={Alzantot, M. and Youssef, M.},
  journal={arXiv preprint arXiv:1209.3794},
  year={2012}
}

@inproceedings{zee,
 author = {Rai, Anshul and Chintalapudi, Krishna Kant and Padmanabhan, Venkata N. and Sen, Rijurekha},
 title = {Zee: zero-effort crowdsourcing for indoor localization},
 booktitle = {Proceedings of the 18th annual international conference on Mobile computing and networking},
 series = {Mobicom '12},
 year = {2012},
 isbn = {978-1-4503-1159-5},
 location = {Istanbul, Turkey},
 pages = {293--304},
 numpages = {12},
 doi = {10.1145/2348543.2348580},
 acmid = {2348580},
 publisher = {ACM},
 address = {New York, NY, USA},
 keywords = {calibration free, indoor, localization, particle filter, wifi},
}

@inproceedings{beepbeep,
 author = {Peng, Chunyi and Shen, Guobin and Zhang, Yongguang and Li, Yanlin and Tan, Kun},
 title = {BeepBeep: a high accuracy acoustic ranging system using COTS mobile devices},
 booktitle = {Proceedings of the 5th international conference on Embedded networked sensor systems},
 series = {SenSys '07},
 year = {2007},
 isbn = {978-1-59593-763-6},
 location = {Sydney, Australia},
 pages = {1--14},
 numpages = {14},
 doi = {10.1145/1322263.1322265},
 acmid = {1322265},
 publisher = {ACM},
 address = {New York, NY, USA},
 keywords = {acoustic ranging, localization, proximity detection, ranging, ranging systems},
} 

@article{angular_grp,
title = "Angular synchronization by eigenvectors and semidefinite programming",
journal = "Applied and Computational Harmonic Analysis",
volume = "30",
number = "1",
pages = "20 - 36",
year = "2011",
note = "",
issn = "1063-5203",
doi = "10.1016/j.acha.2010.02.001",
author = "A. Singer"
}

@article{participatory_sensing,
  title={Participatory sensing},
  author={Burke, J.A. and Estrin, D. and Hansen, M. and Parker, A. and Ramanathan, N. and Reddy, S. and Srivastava, M.B.},
  year={2006}
}

@inproceedings{occupancy_driven_energy,
  title={Occupancy-driven energy management for smart building automation},
  author={Agarwal, Y. and Balaji, B. and Gupta, R. and Lyles, J. and Wei, M. and Weng, T.},
  booktitle={Proceedings of the 2nd ACM Workshop on Embedded Sensing Systems for Energy-Efficiency in Building},
  pages={1--6},
  year={2010},
  organization={ACM}
}

@article{indoor_positioning_survey,
  title={A survey of indoor positioning systems for wireless personal networks},
  author={Gu, Y. and Lo, A. and Niemegeers, I.},
  journal={Communications Surveys \& Tutorials, IEEE},
  volume={11},
  number={1},
  pages={13--32},
  year={2009},
  publisher={IEEE}
}

@inproceedings{unloc,
  title={No need to war-drive: Unsupervised indoor localization},
  author={Wang, H. and Sen, S. and Elgohary, A. and Farid, M. and Youssef, M. and Choudhury, R.R.},
  booktitle={Proceedings of the 10th international conference on Mobile systems, applications, and services},
  pages={197--210},
  year={2012},
  organization={ACM}
}

@article{littlebrothers,
 author = {Shilton, Katie},
 title = {Four billion little brothers?: privacy, mobile phones, and ubiquitous data collection},
 journal = {Commun. ACM},
 issue_date = {November 2009},
 volume = {52},
 number = {11},
 month = nov,
 year = {2009},
 issn = {0001-0782},
 pages = {48--53},
 numpages = {6},
 doi = {10.1145/1592761.1592778},
 acmid = {1592778},
 publisher = {ACM},
 address = {New York, NY, USA},
} 

@inproceedings{recruitment,
 author = {Reddy, Sasank and Estrin, Deborah and Srivastava, Mani},
 title = {Recruitment framework for participatory sensing data collections},
 booktitle = {Proceedings of the 8th international conference on Pervasive Computing},
 series = {Pervasive'10},
 year = {2010},
 isbn = {3-642-12653-7, 978-3-642-12653-6},
 location = {Helsinki, Finland},
 pages = {138--155},
 numpages = {18},
 doi = {10.1007/978-3-642-12654-3_9},
 acmid = {2166629},
 publisher = {Springer-Verlag},
 address = {Berlin, Heidelberg},
 keywords = {mobile computing, participatory sensing, urban sensing},
} 


@inproceedings{nesllocalization,
 author = {Savvides, Andreas and Han, Chih-Chieh and Strivastava, Mani B.},
 title = {Dynamic fine-grained localization in Ad-Hoc networks of sensors},
 booktitle = {Proceedings of the 7th annual international conference on Mobile computing and networking},
 series = {MobiCom '01},
 year = {2001},
 isbn = {1-58113-422-3},
 location = {Rome, Italy},
 pages = {166--179},
 numpages = {14},
 doi = {10.1145/381677.381693},
 acmid = {381693},
 publisher = {ACM},
 address = {New York, NY, USA},
 keywords = {localization, location discovery, wireless sensor networks},
} 

@article{grp_conditions,
 author = {Hendrickson, Bruce},
 title = {Conditions for unique graph realizations},
 journal = {SIAM J. Comput.},
 issue_date = {Feb. 1992},
 volume = {21},
 number = {1},
 month = feb,
 year = {1992},
 issn = {0097-5397},
 pages = {65--84},
 numpages = {20},
 doi = {10.1137/0221008},
 acmid = {130571},
 publisher = {Society for Industrial and Applied Mathematics},
 address = {Philadelphia, PA, USA},
} 

